@book{haugeland1989artificial,
  title={Artificial intelligence: The very idea},
  author={Haugeland, John},
  year={1989},
  publisher={MIT press}
}
@inproceedings{guo2017calibration,
  title={On calibration of modern neural networks},
  author={Guo, Chuan and Pleiss, Geoff and Sun, Yu and Weinberger, Kilian Q},
  booktitle={International Conference on Machine Learning},
  pages={1321--1330},
  year={2017},
  organization={PMLR}
}
@article{manhaeve2018deepproblog,
  title={DeepProbLog: Neural probabilistic logic programming},
  author={Manhaeve, Robin and Duman{\v{c}}i{\'c}, Sebastijan and Kimmig, Angelika and Demeester, Thomas and De Raedt, Luc},
  journal={arXiv preprint arXiv:1805.10872},
  year={2018}
}
@article{de2020statistical,
  title={From statistical relational to neuro-symbolic artificial intelligence},
  author={De Raedt, Luc and Duman{\v{c}}i{\'c}, Sebastijan and Manhaeve, Robin and Marra, Giuseppe},
  journal={arXiv preprint arXiv:2003.08316},
  year={2020}
}
@inproceedings{de2007problog,
  title={ProbLog: A Probabilistic Prolog and Its Application in Link Discovery.},
  author={De Raedt, Luc and Kimmig, Angelika and Toivonen, Hannu},
  booktitle={IJCAI},
  volume={7},
  pages={2462--2467},
  year={2007},
  organization={Hyderabad}
}
@article{de2020statistical,
  title={From statistical relational to neuro-symbolic artificial intelligence},
  author={De Raedt, Luc and Duman{\v{c}}i{\'c}, Sebastijan and Manhaeve, Robin and Marra, Giuseppe},
  journal={arXiv preprint arXiv:2003.08316},
  year={2020}
}
@inproceedings{lighthill1973ai,
  title={Artificial Intelligence: A General Survey},
  author={Lighthill, James},
  booktitle={Artificial Intelligence: a paper symposium},
  year={1973},
  organization={Science Research Council}
}
@inproceedings{garcez2015neural,
  title={Neural-symbolic learning and reasoning: contributions and challenges},
  author={Garcez, Artur d'Avila and Besold, Tarek R and De Raedt, Luc and F{\"o}ldiak, Peter and Hitzler, Pascal and Icard, Thomas and K{\"u}hnberger, Kai-Uwe and Lamb, Luis C and Miikkulainen, Risto and Silver, Daniel L},
  booktitle={2015 AAAI Spring Symposium Series},
  year={2015}
}
@article{ng1992probabilistic,
  title = {Probabilistic logic programming},
  journal = {Information and Computation},
  volume = {101},
  number = {2},
  pages = {150-201},
  year = {1992},
  issn = {0890-5401},
  doi = {https://doi.org/10.1016/0890-5401(92)90061-J},
  author = {Raymond Ng and V.S. Subrahmanian}
}
@article{fierens2015inference,
  title={Inference and learning in probabilistic logic programs using weighted Boolean formulas},
  volume={15},
  DOI={10.1017/S1471068414000076},
  number={3},
  journal={Theory and Practice of Logic Programming},
  publisher={Cambridge University Press},
  author={Fierens, Daan and Van den broeck, Guy and Renkens, Joris and Shterionov, Dimitar and Gutmann, Bernd and Thon, Ingo and Janssens, Gerda and De Raedt, Luc},
  year={2015},
  pages={358â€“401}
}
@book{russell2002artificial,
  title={Artificial intelligence: a modern approach},
  author={Russell, Stuart and Norvig, Peter},
  year={2002},
  publisher={Pearson Education Limited}
}
@article{susskind2021neuro,
  title={Neuro-Symbolic AI: An Emerging Class of AI Workloads and their Characterization},
  author={Susskind, Zachary and Arden, Bryce and John, Lizy K and Stockton, Patrick and John, Eugene B},
  journal={arXiv preprint arXiv:2109.06133},
  year={2021}
}
@inproceedings{niculescu2005predicting,
  title={Predicting good probabilities with supervised learning},
  author={Niculescu-Mizil, Alexandru and Caruana, Rich},
  booktitle={Proceedings of the 22nd international conference on Machine learning},
  pages={625--632},
  year={2005}
}
@article{lecun1998gradient,
  title={Gradient-based learning applied to document recognition},
  author={LeCun, Yann and Bottou, L{\'e}on and Bengio, Yoshua and Haffner, Patrick},
  journal={Proceedings of the IEEE},
  volume={86},
  number={11},
  pages={2278--2324},
  year={1998},
  publisher={Ieee}
}
@inproceedings{he2016deep,
  title={Deep residual learning for image recognition},
  author={He, Kaiming and Zhang, Xiangyu and Ren, Shaoqing and Sun, Jian},
  booktitle={Proceedings of the IEEE conference on computer vision and pattern recognition},
  pages={770--778},
  year={2016}
}